@PhdThesis{Bedford1984,
  author   = {Bedford, Tim},
  school   = {University of Warwick},
  title    = {Crinkly curves, {M}arkov partitions and dimension},
  year     = {1984},
  crossref = {https://wrap.warwick.ac.uk/50539/1/WRAP_THESIS_Bedford_1984.pdf},
  url      = {https://wrap.warwick.ac.uk/50539/1/WRAP_THESIS_Bedford_1984.pdf},
}

@Article{ATK2003ru,
  author     = {Асеев, В. В. and Тетенов, А. В. and Кравченко, А. С.},
  journal    = {Сибирский математический журнал},
  title      = {О самоподобных жордановых кривых на плоскости},
  year       = {2003},
  number     = {3},
  pages      = {481--492},
  volume     = {44},
  doi        = {10.1023/a:1023848327898},
  mathnet    = {http://mi.mathnet.ru/smj1192},
  mathscinet = {http://mathscinet.ams.org/mathscinet-getitem?mr=1984698},
  url        = {https://www.mathnet.ru/rus/smj1192},
  zmath      = {https://zbmath.org/?q=an:1078.30011},
}

@Article{AT2005,
  author  = {В. В. Асеев and А. В. Тетенов},
  journal = {Сибирский математический журнал},
  title   = {О жордановых самоподобных дугах, допускающих структурную параметризацию},
  year    = {2005},
  number  = {4},
  pages   = {733--748},
  volume  = {46},
  doi     = {10.1007/s11202-005-0059-1},
  url     = {https://www.mathnet.ru/rus/smj1000},
}

@Article{VDT2020,
  author    = {Ваулин, Д. А. and Дроздов, Д. А. and Тетенов, А. В.},
  journal   = {Труды Института математики и механики УрО РАН},
  title     = {О связных компонентах фрактальных кубов},
  year      = {2020},
  issn      = {2658-4786},
  number    = {2},
  pages     = {98--107},
  volume    = {26},
  abstract  = {В статье показывается существенное отличие фрактальных кубов от фрактальных квадратов. В основе топологической классификации фрактальных квадратов, полученной в 2013 г. К.-С. Лау с соавторами, лежит рассмотрение свойств $\mathbb{Z}^2$-периодического расширения $H=F+\mathbb{Z}^2$ и его дополнения $H^c=\mathbb{R}^2\setminus H$. 
Фрактальный квадрат $F\subset\mathbb{R}^2$ содержит отличную от отрезка или точки связную компоненту тогда и только тогда, когда $H^c$ содержит ограниченную связную компоненту. 
Мы показываем, что существует фрактальный куб $F$ в $\mathbb R^3$,  для которого множество $H^c$ связно, а  множество $Q$ связных компонент $K_\alpha$  куба  $F$  обладает следующими свойствами: $Q$ --- вполне несвязное самоподобное подмножество гиперпространства $C(\mathbb R^3)$, билипшицево изоморфное канторову множеству $C_{1/5}$; все множества $K_\alpha+\mathbb{Z}^3$ связны и попарно не пересекаются; множество значений хаусдорфовых размерностей $\dim_H(K_\alpha)$ совпадает с некоторым промежутком $[a,b]$.},
  doi       = {10.21538/0134-4889-2020-26-2-98-107},
  keywords  = {фрактальный квадрат, фрактальный куб, суперфрактал, самоподобное множество, гиперпространство, хаусдорфова размерность},
  publisher = {Krasovskii Institute of Mathematics and Mechanics UB RAS},
  url       = {https://www.mathnet.ru/rus/timm1725},
}

@Article{TSV2017,
  author    = {Тетенов, А. В. and Самуэль, М. С. and Ваулин, Д. А.},
  journal   = {Труды Института математики и механики УрО РАН},
  title     = {О дендритах, заданных системами полиэдров и их точках ветвления},
  year      = {2017},
  issn      = {0134-4889},
  number    = {4},
  pages     = {281--291},
  volume    = {23},
  abstract  = {В статье изучаются методы задания и геометрические свойства самоподобных дендритов в пространстве $\mathbb R^d$ — вопросы, еще не разработанные в теории самоподобных фракталов. 
Для этого строится и исследуется класс $P$-полиэдральных дендритов в $\mathbb R^d$. 
Такие дендриты $K$ мы определяем как аттракторы систем $S=\{S_1, \ldots, S_m\}$ сжимающих подобий в $\mathbb R^d$, переводящих заданный полиэдр $P\subset \mathbb R^d$ в полиэдры $P_i\subset P$, попарные пересечения которых либо пусты, либо одноточечны и являются общими вершинами этих полиэдров, а гиперграф попарных пересечений полиэдров $P_i$ ацикличен. 
Мы доказываем, что для счетного плотного в $K$ множества $G_S(V_P)$ локальная структура окрестности всякой его точки $x$ задается некоторым набором непересекающихся телесных углов с вершиной в $x$, конгруэнтных углам при вершинах $P$. 
Из этого утверждения мы получаем, что все точки ветвления $P$-полиэдрального дендрита $K$ имеют конечный порядок, верхняя оценка которого зависит только от полиэдра $P$. 
Нами доказано, что геометрия и размерность множества $CP(K)$ разбивающих точек дендрита $K$ определяются его главным деревом — минимальным подконтинуумом в $K$, содержащим все вершины $P$, а потому размерность $\dim_HCP(K)$ множества $CP(K)$ меньше размерности $\dim_H(K)$ дендрита $K$ и совпадает с последней тогда и только тогда, когда $K$ --- жорданова дуга.},
  doi       = {10.21538/0134-4889-2017-23-4-281-291},
  keywords  = {самоподобное множество, дендрит, полиэдральная система, главное дерево, точка ветвления, хаусдорфова размерность},
  publisher = {Krasovskii Institute of Mathematics and Mechanics UB RAS},
  url       = {https://www.mathnet.ru/rus/timm1487},
}

@Article{Tetenov2006,
  author    = {Тетенов, А. В.},
  journal   = {Сибирский математический журнал},
  title     = {Самоподобные жордановы дуги и граф-ориентированные системы подобий},
  year      = {2006},
  number    = {5},
  pages     = {1147--1159},
  volume    = {47},
  doi       = {10.1007/s11202-006-0105-7},
  publisher = {Springer Science and Business Media LLC},
  url       = {https://www.mathnet.ru/rus/smj921},
}

@PhdThesis{TetenovDISS,
  author = {А. В. Тетенов},
  school = {Горно-Алтайск},
  title  = {Структурные теоремы в теории самоподобных фракталов},
  year   = {2010},
}

@Article{Hata1985,
  author    = {Hata, Masayoshi},
  journal   = {Japan Journal of Applied Mathematics},
  title     = {On the structure of self-similar sets},
  year      = {1985},
  number    = {2},
  pages     = {381--414},
  volume    = {2},
  doi       = {10.1007/bf03167083},
  publisher = {Springer Science and Business Media LLC},
}

@Misc{deltadef,
  author    = {Drozdov, Dmitry and Samuel, Mary and Tetenov, Andrey},
  title     = {On $δ$-deformations of polygonal dendrites},
  year      = {2018},
  doi       = {10.48550/ARXIV.1812.00439},
  eprint    = {arXiv:1812.00439},
  publisher = {arXiv},
}

@Article{ATK2003en,
  author    = {Aseev, V. V. and Tetenov, A. V. and Kravchenko, A. S.},
  journal   = {Siberian Mathematical Journal},
  title     = {On Selfsimilar {J}ordan Curves on the Plane},
  year      = {2003},
  issn      = {0037-4466},
  pages     = {379--386},
  volume    = {44},
  doi       = {10.1023/a:1023848327898},
  publisher = {Springer Science and Business Media LLC},
}

@Article{BR,
  author    = {Bandt, Christoph and Rao, Hui},
  journal   = {Nonlinearity},
  title     = {Topology and separation of self-similar fractals in the plane},
  year      = {2007},
  issn      = {1361-6544},
  number    = {6},
  pages     = {1463--1474},
  volume    = {20},
  doi       = {10.1088/0951-7715/20/6/008},
  publisher = {IOP Publishing},
}

@Article{Char,
  author  = {Charatonik, Janusz Jerzy and Charatonik, W{\l}odzimierz Jan},
  journal = {Aportaciones Mat. Comun},
  title   = {Dendrites},
  year    = {1998},
  pages   = {227--253},
  volume  = {22},
}

@Article{CS1,
  author    = {Cristea, Ligia Loreta and Steinsky, Bertran},
  journal   = {Geometriae Dedicata},
  title     = {Curves of infinite length in $4\times4$-labyrinth fractals},
  year      = {2008},
  issn      = {1572-9168},
  number    = {1},
  pages     = {1--17},
  volume    = {141},
  doi       = {10.1007/s10711-008-9340-3},
  publisher = {Springer Science and Business Media LLC},
}

@Article{CS2,
  author    = {Cristea, Ligia L. and Steinsky, Bertran},
  journal   = {Proceedings of the Edinburgh Mathematical Society},
  title     = {Curves of infinite length in labyrinth fractals},
  year      = {2011},
  issn      = {1464-3839},
  number    = {2},
  pages     = {329--344},
  volume    = {54},
  doi       = {10.1017/s0013091509000169},
  publisher = {Cambridge University Press (CUP)},
}

@Article{CS3,
  author    = {Cristea, Ligia L. and Steinsky, Bertran},
  journal   = {Topology and its Applications},
  title     = {Mixed labyrinth fractals},
  year      = {2017},
  issn      = {0166-8641},
  pages     = {112--125},
  volume    = {229},
  doi       = {10.1016/j.topol.2017.06.022},
  publisher = {Elsevier BV},
}

@PhdThesis{Croydon,
  author  = {Croydon, D.},
  school  = {St. Cross College, University of Oxford},
  title   = {Random fractal dendrites},
  year    = {2006},
  address = {Trinity},
}

@Article{Kig95,
  author    = {Kigami, J.},
  journal   = {Journal of Functional Analysis},
  title     = {Harmonic Calculus on Limits of Networks and Its Application to Dendrites},
  year      = {1995},
  issn      = {0022-1236},
  number    = {1},
  pages     = {48--86},
  volume    = {128},
  doi       = {10.1006/jfan.1995.1023},
  publisher = {Elsevier BV},
}

@Article{LLR2013,
  author    = {Lau, Ka–Sing and Luo, Jun Jason and Rao, Hui},
  journal   = {Mathematical Proceedings of the Cambridge Philosophical Society},
  title     = {Topological structure of fractal squares},
  year      = {2013},
  issn      = {1469-8064},
  month     = mar,
  number    = {1},
  pages     = {73--86},
  volume    = {155},
  doi       = {10.1017/s0305004112000692},
  publisher = {Cambridge University Press},
}

@Book{Kigami2001,
  author    = {Kigami, Jun},
  publisher = {Cambridge University Press},
  title     = {Analysis on Fractals},
  year      = {2001},
  isbn      = {9780511470943},
  number    = {143},
  series    = {Cambridge Tracts in Mathematics},
  doi       = {10.1017/cbo9780511470943},
  pages     = {251},
}

@Book{Kur1,
  author    = {Куратовский, К.},
  publisher = {Мир},
  title     = {Топология},
  year      = {1966},
  volume    = {Том 1},
}

@Book{Kur2,
  author    = {Куратовский, К.},
  publisher = {Мир},
  title     = {Топология},
  year      = {1969},
  volume    = {Том 2},
}

@Article{Strichartz1999,
  author    = {Strichartz, Robert},
  journal   = {Transactions of the American Mathematical Society},
  title     = {Isoperimetric Estimates on Sierpinski Gasket Type Fractals},
  year      = {1999},
  issn      = {1088-6850},
  number    = {5},
  pages     = {1705--1752},
  volume    = {351},
  doi       = {10.1090/s0002-9947-99-01999-6},
  publisher = {American Mathematical Society (AMS)},
}

@Article{KamTet2018en,
  author    = {K. G. Kamalutdinov and A. V. Tetenov},
  journal   = {Siberian Electronic Mathematical Reports},
  title     = {Twofold {Cantor} sets in $R$},
  year      = {2018},
  issn      = {18133304},
  pages     = {801-814},
  volume    = {15},
  doi       = {10.17377/semi.2018.15.066},
  publisher = {Sobolev Institute of Mathematics},
  url       = {https://www.mathnet.ru/rus/semr954},
}

@Article{STV2017,
  author    = {M. Samuel and A. V. Tetenov and D. A. Vaulin},
  journal   = {Siberian Electronic Mathematical Reports},
  title     = {Self-similar dendrites generated by polygonal systems in the plane},
  year      = {2017},
  issn      = {18133304},
  pages     = {737--751},
  volume    = {14},
  doi       = {10.17377/semi.2017.14.063},
  publisher = {Sobolev Institute of Mathematics},
  url       = {https://www.mathnet.ru/rus/semr820},
}

@Book{BSS2023,
  author    = {B{\'a}r{\'a}ny, Bal{\'a}zs and Simon, K{\'a}roly and Solomyak, Boris},
  editor    = {Károly Simon and Boris Solomyak},
  publisher = {American Mathematical Society},
  title     = {Self-{S}imilar and {S}elf-affine {S}ets and {M}easures},
  year      = {2023},
  address   = {Providence},
  edition   = {1},
  isbn      = {9781470475505},
  note      = {Description based on publisher supplied metadata and other sources.},
  number    = {v.276},
  series    = {Mathematical Surveys and Monographs},
  volume    = {276},
  doi       = {10.1090/surv/276},
  pagetotal = {1466},
  ppn_gvk   = {1871064902},
}

@Article{EKM2009,
  author    = {Elekes, Márton and Keleti, Tamás and Máthé, András},
  journal   = {Ergodic Theory and Dynamical Systems},
  title     = {Self-similar and self-affine sets: measure of the intersection of two copies},
  year      = {2009},
  issn      = {1469-4417},
  month     = jun,
  number    = {2},
  pages     = {399--440},
  volume    = {30},
  doi       = {10.1017/S0143385709000121},
  publisher = {Cambridge University Press (CUP)},
}

@Article{DST2021,
  author    = {Drozdov, Dmitry and Samuel, Mary and Tetenov, Andrei},
  journal   = {The Art of Discrete and Applied Mathematics},
  title     = {On deformation of polygonal dendrites preserving the intersection graph},
  year      = {2021},
  issn      = {2590-9770},
  month     = mar,
  note      = {Funding Information: ∗Supported by Russian Foundation of Basic Research project 18-01-00420 E-mail addresses: dimalek97@yandex.ru (Dmitry Drozdov), marysamuel@iiitl.ac.in (Mary Samuel), atet@mail.ru (Andrei Tetenov) Publisher Copyright: {\textcopyright} 2021 University of Primorska. All Rights Reserved.},
  number    = {2},
  pages     = {1--21},
  volume    = {4},
  abstract  = {Let S = S1, ..., Sm be a system of contracting similarities of R2. The attractor K(S) of the system S is a non-empty compact set satisfying K = S1(K) ∪ ... ∪ Sm(K). We consider contractible polygonal systems S which are defined by a finite family of polygons whose intersection graph is a tree and therefore the attractor K(S) is a dendrite. We find conditions under which a deformation S0 of a contractible polygonal system S has the same intersection graph and therefore the attractor K(S0) is a self-similar dendrite which is isomorphic to the attractor K of the system S.},
  day       = {17},
  doi       = {10.26493/2590-9770.1375.12a},
  keywords  = {Attractor, Generalized polygonal system, Index diagram, Intersection graph, Self-similar dendrite},
  language  = {English},
  publisher = {University of Primorska Press},
}

@PhdThesis{mechoncev2018algebraic,
  author = {Mechoncev, Dmitrij},
  school = {Dissertation, Greifswald, Ernst-Moritz-Arndt-Universit{\"a}t, 2019},
  title  = {An algebraic framework for finding and analyzing self-affine tiles and fractals},
  year   = {2018},
}

@Article{SSS7,
  author    = {Bandt, Christoph and Graf, Siegfried},
  journal   = {Proceedings of the American Mathematical Society},
  title     = {Self-Similar Sets 7. A Characterization of Self-Similar Fractals with Positive Hausdorff Measure},
  year      = {1992},
  issn      = {0002-9939},
  number    = {4},
  pages     = {995-1001},
  volume    = {114},
  doi       = {10.2307/2159618},
  publisher = {JSTOR},
}

@Article{SSS5,
  author    = {Bandt, Christoph},
  journal   = {Proceedings of the American Mathematical Society},
  title     = {Self-Similar Sets 5. Integer Matrices and Fractal Tilings of $\mathbb{R}^n$},
  year      = {1991},
  issn      = {0002-9939},
  number    = {2},
  pages     = {549-562},
  volume    = {112},
  doi       = {10.2307/2048752},
  publisher = {JSTOR},
}

@Article{SSS1,
  author    = {Bandt, Christoph},
  journal   = {Mathematische Nachrichten},
  title     = {Self‐Similar Sets. I. Topological {MARKOV} {C}hains and Mixed Self‐Similar Sets},
  year      = {1989},
  issn      = {1522-2616},
  month     = jan,
  number    = {1},
  pages     = {107--123},
  volume    = {142},
  doi       = {10.1002/mana.19891420107},
  publisher = {Wiley},
}

@Article{SSS2,
  author    = {Bandt, Christoph and Keller, Karsten},
  journal   = {Mathematische Nachrichten},
  title     = {Self‐Similar Sets 2. A Simple Approach to the Topological Structure of Fractals},
  year      = {1991},
  issn      = {1522-2616},
  number    = {1},
  pages     = {27--39},
  volume    = {154},
  doi       = {10.1002/mana.19911540104},
  publisher = {Wiley},
}

@Article{SSS3,
  author    = {Bandt, Christoph},
  journal   = {Monatshefte f\"ur Mathematik},
  title     = {Self-similar sets 3. Constructions with sofic systems},
  year      = {1989},
  issn      = {1436-5081},
  pages     = {89--102},
  volume    = {108},
  doi       = {10.1007/bf01308664},
  publisher = {Springer Science and Business Media LLC},
}

@Article{SSS8,
  author  = {Bandt, Christoph and Kuschel, Thomas},
  journal = {Rendiconti Circolo Matem. Palermo},
  title   = {Self-similar sets 8. Average interior distance in some fractals},
  year    = {1992},
  number  = {28},
  pages   = {307--317},
}

@Article{SSS6,
  author = {Cristoph Bandt},
  title  = {Self-similar set 6. Interior distance on deterministic fractals},
  year   = {1990},
}

@Article{MW1988,
  author    = {Mauldin, R. D. and Williams, S. C.},
  journal   = {Transactions of the American Mathematical Society},
  title     = {Hausdorff dimension in graph directed constructions},
  year      = {1988},
  issn      = {1088-6850},
  number    = {2},
  pages     = {811--829},
  volume    = {309},
  abstract  = {We introduce the notion of geometric constructions in $\mathbb{R}^m$  governed by a directed graph $G$  and by similarity ratios which are labelled with the edges of this graph. 
For each such construction, we calculate a number $\alpha$  which is the Hausdorff dimension of the object constructed from a realization of the construction. 
The measure of the object with respect to $\mathcal{H}^\alpha$  is always positive and $\sigma$-finite. 
Whether the $\mathcal{H}^\alpha$-measure of the object is finite depends on the order structure of the strongly connected components of $G$. 
Some applications are given.},
  doi       = {10.1090/s0002-9947-1988-0961615-4},
  publisher = {American Mathematical Society},
}

@Article{Moran1946,
  author    = {Moran, P. A. P.},
  journal   = {Mathematical Proceedings of the Cambridge Philosophical Society},
  title     = {Additive functions of intervals and {H}ausdorff measure},
  year      = {1946},
  issn      = {1469-8064},
  number    = {1},
  pages     = {15--23},
  volume    = {42},
  doi       = {10.1017/s0305004100022684},
  publisher = {Cambridge University Press},
}

@Article{Hut1981,
  author    = {Hutchinson, John},
  journal   = {Indiana University Mathematics Journal},
  title     = {Fractals and {S}elf-{S}imilarity},
  year      = {1981},
  issn      = {0022-2518},
  number    = {5},
  pages     = {713--747},
  volume    = {30},
  doi       = {10.1512/iumj.1981.30.30055},
  publisher = {Indiana University Mathematics Journal},
}

@Article{FQint,
  author  = {Tetenov, A. and Drozdov, D.},
  journal = {(to appear)},
  title   = {On the intersection of fractal cubes},
}

@Article{FIP,
  author    = {Tetenov, Andrei},
  journal   = {arXiv:2003.04202v2 [math.MG]},
  title     = {Finiteness properties for self-similar continua},
  year      = {2021},
  copyright = {arXiv.org perpetual, non-exclusive license},
  doi       = {10.48550/arXiv.2003.04202},
  publisher = {arXiv},
}

@Article{TD2023fs,
  author  = {Dmitry Drozdov and Andrei Tetenov},
  journal = {{A}dvances in the {T}heory of {N}onlinear {A}nalysis and {I}ts {A}pplication},
  title   = {On the classification of fractal square dendrites},
  year    = {2023},
  number  = {3},
  pages   = {19--96},
  volume  = {7},
  doi     = {10.17762/atnaa.v7.i3.276},
}

@InBook{Fraser_2021,
  author    = {Fraser, Jonathan M.},
  chapter   = {15},
  editor    = {Mark Pollicott and Sandro Vaienti},
  pages     = {495--516},
  publisher = {Springer International Publishing},
  title     = {Fractal Geometry of Bedford-McMullen Carpets},
  year      = {2021},
  isbn      = {9783030748630},
  booktitle = {Thermodynamic Formalism},
  doi       = {10.1007/978-3-030-74863-0_15},
  issn      = {1617-9692},
}

@Article{strich1999,
  author  = {Strichartz, Robert S},
  journal = {Notices AMS},
  title   = {Analysis on fractals},
  year    = {1999},
  number  = {10},
  pages   = {1199--1208},
  volume  = {46},
}

@Article{BMM2022,
  author    = {Tetenov, A. and Chanchieva, M. and Drozdov, D. and Rahmanov, D. and Safonova, V. and Udin, I. and Vetrova, A.},
  journal   = {arXiv:2207.13023v1},
  title     = {On {B}i-{L}ipschitz classification of fractal cubes possessing one-point intersection property},
  year      = {2022},
  doi       = {10.48550/arXiv.2207.13023},
  publisher = {arXiv},
}

@Misc{Falconer1987,
  author = {K. Falconer},
  title  = {The Hausdorff dimension of some fractals and attractors of overlapping construction},
  year   = {1987},
}

@Article{Xiao2021,
  author    = {Xiao, Jian-Ci},
  journal   = {Nonlinearity},
  title     = {Fractal squares with finitely many connected components},
  year      = {2021},
  issn      = {1361-6544},
  month     = feb,
  number    = {4},
  pages     = {1817--1836},
  volume    = {34},
  doi       = {10.1088/1361-6544/abd611},
  publisher = {IOP Publishing},
}

@Article{Cristea2020,
  author    = {Cristea, Ligia L. and Leobacher, Gunther},
  journal   = {Journal of Fractal Geometry, Mathematics of Fractals and Related Topics},
  title     = {Supermixed labyrinth fractals},
  year      = {2020},
  issn      = {2308-1317},
  month     = may,
  number    = {2},
  pages     = {183--218},
  volume    = {7},
  abstract  = {Labyrinth fractals are dendrites in the unit square. They were introduced and studied in the last decade first in the self-similar case [3, 4], then in the mixed case [5, 6]. Supermixed fractals constitute a significant generalisation of mixed labyrinth fractals: each step of the iterative construction is done according to not just one labyrinth pattern, but possibly to several different patterns. In this paper we introduce and study supermixed labyrinth fractals and the corresponding prefractals, called supermixed labyrinth sets, with focus on the aspects that were previously studied for the self-similar and mixed case: topological properties and properties of the arcs between points in the fractal. The facts and formulæ found here extend results proven in the above mentioned cases. One of the main results is a sufficient condition for infinite length of arcs in mixed labyrinth fractals.},
  doi       = {10.4171/jfg/88},
  eprint    = {arXiv:1802.05461 [math.GT]},
  keywords  = {Fractal, dendrite, graph, tree, Sierpiński carpets, length of paths, arc length},
  publisher = {European Mathematical Society - EMS - Publishing House GmbH},
  url       = {https://doi.org/10.48550/arXiv.1802.05461},
}

@Article{Peres1994,
  author    = {Peres, Yuval},
  journal   = {Mathematical Proceedings of the Cambridge Philosophical Society},
  title     = {The self-affine carpets of McMullen and Bedford have infinite Hausdorff measure},
  year      = {1994},
  issn      = {1469-8064},
  month     = nov,
  number    = {3},
  pages     = {513--526},
  volume    = {116},
  doi       = {10.1017/s0305004100072789},
  publisher = {Cambridge University Press},
}

@Article{Levy1939,
  author  = {L{\'e}vy, Paul},
  journal = {J. I'Ecole Poly.},
  title   = {Les courbes planes ou gauches et les surface compos{\'e}es de parties semblables au tout},
  year    = {1939},
  pages   = {227--292},
  volume  = {144},
}

@Article{Moran1996,
  author    = {Moran, M.},
  journal   = {Monatshefte f{\ddot u}r Mathematik},
  title     = {Hausdorff measure of infinitely generated self-similar sets},
  year      = {1996},
  issn      = {1436-5081},
  month     = dec,
  number    = {4},
  pages     = {387--399},
  volume    = {122},
  doi       = {10.1007/bf01326037},
  publisher = {Springer Science and Business Media LLC},
}

@Article{KenyonPeres1996,
  author    = {Kenyon, R. and Peres, Y.},
  journal   = {Ergodic Theory and Dynamical Systems},
  title     = {Measures of full dimension on affine-invariant sets},
  year      = {1996},
  issn      = {1469-4417},
  month     = apr,
  number    = {2},
  pages     = {307--323},
  volume    = {16},
  doi       = {10.1017/s0143385700008828},
  publisher = {Cambridge University Press},
}

@Article{Olsen_1998,
  author    = {Olsen, L.},
  journal   = {Pacific Journal of Mathematics},
  title     = {Self-affine multifractal {S}ierpinski sponges in $\mathbb{R}^d$},
  year      = {1998},
  issn      = {0030-8730},
  month     = mar,
  number    = {1},
  pages     = {143--199},
  volume    = {183},
  doi       = {10.2140/pjm.1998.183.143},
  publisher = {Mathematical Sciences Publishers},
}

@Article{McMullen1984,
  author    = {McMullen, Curt},
  journal   = {Nagoya Mathematical Journal},
  title     = {The Hausdorff dimension of general Sierpiński carpets},
  year      = {1984},
  issn      = {2152-6842},
  month     = dec,
  pages     = {1--9},
  volume    = {96},
  doi       = {10.1017/s0027763000021085},
  publisher = {Cambridge University Press},
}

@Article{LI_2020,
  author    = {YUANYUAN, L. I. and XIAOMIN, R. E. N. and JIANG, K. A. N.},
  journal   = {Fractals},
  title     = {Weighted Average Geodesic Distance Of Pentadendrite Networks},
  year      = {2020},
  issn      = {1793-6543},
  month     = aug,
  number    = {05},
  pages     = {2050075},
  volume    = {28},
  doi       = {10.1142/s0218348x20500759},
  publisher = {World Scientific Pub Co Pte Lt},
}

@Article{Bonk_2013,
  author    = {Bonk, Mario and Merenkov, Sergei},
  journal   = {Annals of Mathematics},
  title     = {Quasisymmetric rigidity of square Sierpiński carpets},
  year      = {2013},
  issn      = {0003-486X},
  month     = mar,
  number    = {2},
  pages     = {591--643},
  volume    = {177},
  doi       = {10.4007/annals.2013.177.2.5},
  publisher = {Annals of Mathematics},
}

@Article{McWorter1987,
  author  = {McWorter Jr., William A. and Tazelaar, Jane Morrill},
  journal = {Byte},
  title   = {Creating fractals},
  year    = {1987},
  number  = {9},
  pages   = {123--132},
  volume  = {12},
}

@Book{Falconer2004,
  author    = {Falconer, Kenneth J.},
  publisher = {Wiley},
  title     = {Fractal geometry},
  year      = {2004},
  address   = {Chichester [u.a.]},
  edition   = {2. ed., repr.},
  isbn      = {9780470848616},
  pagetotal = {337},
  ppn_gvk   = {1602772878},
  subtitle  = {Mathematical foundations and applications},
}

@Article{Drozdov_2022,
  author    = {Drozdov, Dmitriy and Tetenov, Andrei},
  journal   = {Bulletin of National University of Uzbekistan: Mathematics and Natural Sciences},
  title     = {On fractal squares possessing finite intersection property},
  year      = {2022},
  issn      = {2181-1318},
  month     = sep,
  number    = {3},
  pages     = {164--181},
  volume    = {5},
  doi       = {10.56017/2181-1318.1229},
  publisher = {National University of Uzbekistan - DIGITAL COMMONS JOURNALS},
}

@InBook{Drozdov_2021,
  author    = {Drozdov, Dmitry and Samuel, Mary and Tetenov, Andrei},
  pages     = {147--164},
  publisher = {Springer Singapore},
  title     = {On $$\delta $$-deformations of Polygonal Dendrites},
  year      = {2021},
  isbn      = {9789811601743},
  booktitle = {Topological Dynamics and Topological Data Analysis},
  doi       = {10.1007/978-981-16-0174-3_11},
  issn      = {2194-1017},
}

@Article{,
  author    = {K. G. Kamalutdinov and A. V. Tetenov},
  journal   = {Sibirskie Elektronnye Matematicheskie Izvestiya},
  title     = {Twofold Cantor sets in $R$},
  year      = {2018},
  issn      = {18133304},
  pages     = {801-814},
  volume    = {15},
  doi       = {10.17377/semi.2018.15.066},
  publisher = {Sobolev Institute of Mathematics},
}

@Book{Fal2014,
  author    = {Falconer, Kenneth},
  publisher = {John Wiley \& Sons},
  title     = {Fractal geometry: mathematical foundations and applications},
  year      = {2014},
}

@Article{Barnsley_2008,
  author    = {Barnsley, Michael F. and Hutchinson, John E. and Stenflo, Örjan},
  journal   = {Advances in Mathematics},
  title     = {V-variable fractals: Fractals with partial self similarity},
  year      = {2008},
  issn      = {0001-8708},
  month     = aug,
  number    = {6},
  pages     = {2051--2088},
  volume    = {218},
  doi       = {10.1016/j.aim.2008.04.011},
  publisher = {Elsevier BV},
}

@Article{LUO_2016,
  author    = {LUO, JUN JASON and LIU, JING-CHENG},
  journal   = {Fractals},
  title     = {ON THE CLASSIFICATION OF FRACTAL SQUARES},
  year      = {2016},
  issn      = {1793-6543},
  month     = mar,
  number    = {01},
  pages     = {1650008},
  volume    = {24},
  doi       = {10.1142/s0218348x16500080},
  publisher = {World Scientific Pub Co Pte Lt},
}

@Article{Ruan_2017,
  author    = {Ruan, Huo-Jun and Wang, Yang},
  journal   = {Journal of Mathematical Analysis and Applications},
  title     = {Topological invariants and Lipschitz equivalence of fractal squares},
  year      = {2017},
  issn      = {0022-247X},
  month     = jul,
  number    = {1},
  pages     = {327--344},
  volume    = {451},
  doi       = {10.1016/j.jmaa.2017.02.012},
  publisher = {Elsevier BV},
}

@Article{Allabergenova_2024,
  author    = {Allabergenova, Klara and Samuel, Mary and Tetenov, Andrei},
  journal   = {Chaos, Solitons &amp; Fractals},
  title     = {Intersections of the pieces of self-similar dendrites in the plane},
  year      = {2024},
  issn      = {0960-0779},
  month     = may,
  pages     = {114805},
  volume    = {182},
  doi       = {10.1016/j.chaos.2024.114805},
  publisher = {Elsevier BV},
}

@Book{Pot2005,
  author    = {А. А. Потапов},
  publisher = {М.: Университетская книга},
  title     = {Фракталы в радиофизике и радиолокации: Топология выборки},
  year      = {2005},
  edition   = {2-е изд., перераб. и доп.},
  series    = {Eybdthcbntncrfz rybuf},
}

@Article{Pot2013,
  author    = {Potapov, A. A. and German, V. A. and Grachev, V. I.},
  title     = {Fractal labyrinths as a basis for reconstruction planar nanostructures},
  year      = {2013},
  booktitle = {2013 International Conference on Electromagnetics in Advanced Applications (ICEAA)},
  doi       = {10.1109/iceaa.2013.6632380},
  publisher = {IEEE},
}

@Article{Jana_2017,
  author    = {Jana, Aniruddha and García, R. Edwin},
  journal   = {Nano Energy},
  title     = {Lithium dendrite growth mechanisms in liquid electrolytes},
  year      = {2017},
  issn      = {2211-2855},
  pages     = {552--565},
  volume    = {41},
  doi       = {10.1016/j.nanoen.2017.08.056},
  publisher = {Elsevier BV},
}

@Article{Zaitseva2022,
  author    = {Т. И. Зайцева and В. Ю. Протасов},
  journal   = {Математический сборник},
  title     = {Самоподобные 2-аттракторы и тайлы},
  year      = {2022},
  number    = {6},
  pages     = {71--110},
  volume    = {213},
  doi       = {10.4213/sm9682},
  publisher = {Steklov Mathematical Institute},
}

@Article{DT2024fqd,
  author  = {Drozdov, D. A. and Tetenov, A. V.},
  journal = {Advances in the Theory of Nonlinear Analysis and Its Application},
  title   = {On the dendrite property of fractal cubes},
  year    = {2024},
  number  = {1},
  pages   = {73--80},
  volume  = {8},
  doi     = {10.17762/atnaa.v8.i1.375},
}

@Comment{jabref-meta: databaseType:bibtex;}
